<record><leader>00000nas a2200000 a 4500</leader><controlfield tag="001">883786393</controlfield><controlfield tag="008">140716c20149999nyuwr ne      0    0eng c</controlfield><datafield ind1=" " ind2=" " tag="010"><subfield code="a">  2014245106</subfield></datafield><datafield ind1=" " ind2=" " tag="040"><subfield code="a">NYG</subfield><subfield code="c">NYG</subfield></datafield><datafield ind1=" " ind2=" " tag="042"><subfield code="a">pcc</subfield></datafield><datafield ind1=" " ind2=" " tag="043"><subfield code="a">n-us-ny</subfield></datafield><datafield ind1="0" ind2="0" tag="245"><subfield code="a">Wantagh herald citizen.</subfield></datafield><datafield ind1="1" ind2="3" tag="246"><subfield code="a">Seaford herald citizen</subfield></datafield><datafield ind1="1" ind2="3" tag="246"><subfield code="a">Herald citizen</subfield></datafield><datafield ind1=" " ind2=" " tag="260"><subfield code="a">Garden City, N.Y. :</subfield><subfield code="b">Richner Communications,</subfield><subfield code="c">2014-</subfield></datafield><datafield ind1=" " ind2=" " tag="300"><subfield code="a">v. :</subfield><subfield code="b">ill. ;</subfield><subfield code="c">34 cm.</subfield></datafield><datafield ind1="1" ind2=" " tag="362"><subfield code="a">Began with: Vol. 62, no. 19 (May 1-7, 2014).</subfield></datafield><datafield ind1=" " ind2=" " tag="588"><subfield code="a">Description based on: Vol. 62, no. 19 (May 1-7, 2014); title from caption.</subfield></datafield><datafield ind1=" " ind2=" " tag="588"><subfield code="a">Latest issue consulted: Vol. 62, no. 28 (July 10-16, 2014).</subfield></datafield><datafield ind1=" " ind2="0" tag="651"><subfield code="a">Wantagh (N.Y.)</subfield><subfield code="v">Newspapers.</subfield></datafield><datafield ind1=" " ind2="0" tag="651"><subfield code="a">Seaford (N.Y.)</subfield><subfield code="v">Newspapers.</subfield></datafield><datafield ind1=" " ind2=" " tag="752"><subfield code="a">United States</subfield><subfield code="b">New York</subfield><subfield code="c">Nassau</subfield><subfield code="d">Wantagh.</subfield></datafield><datafield ind1=" " ind2=" " tag="752"><subfield code="a">United States</subfield><subfield code="b">New York</subfield><subfield code="c">Nassau</subfield><subfield code="d">Seaford.</subfield></datafield><datafield ind1="0" ind2="0" tag="780"><subfield code="t">Wantagh Seaford citizen</subfield><subfield code="w">(DLC)sn 90066175</subfield><subfield code="w">(OCoLC)21814568</subfield></datafield></record>